@article{someReference,
  title={Lorem ipsum dolor sit amet consectetur},
  author={Hendrerit Risus, In Enim Rhoncus, Id Venenatis Ac Finibus Velit},
  journal={In ultrices, diam at imperdiet congue},
  volume={11},
  number={1},
  pages={111--1111},
  year={1111},
  publisher={XXXX}
}


@article{aKeyForReference,
  title={Lorem ipsum dolor sit amet consectetur},
  author={hendrerit risus, In mi enim, rhoncus id venenatis ac finibus et velit},
  journal={In ultrices, diam at imperdiet congue},
  volume={11},
  number={1},
  pages={1--11},
  year={1111},
  publisher={Xxxxxxx}
}
